
@preamble{ " \newcommand{\noop}[1]{} " } % a do-nothing command that serves a purpose
@IEEEtranBSTCTL{IEEEexample:BSTcontrol,
	CTLuse_forced_etal       = "yes",
	CTLmax_names_forced_etal = "5",
	CTLnames_show_etal       = "1" 
}

@ARTICLE{MIMO,
	author={E. G. {Larsson} and O. {Edfors} and F. {Tufvesson} and T. L. {Marzetta}},
	journal={IEEE Communications Magazine}, 
	title={Massive MIMO for next generation wireless systems}, 
	year={2014},
	volume={52},
	number={2},
	pages={186-195},}

@ARTICLE{memory_polynomial, 
	author={Lei Ding and G. T. {Zhou} and D. R. {Morgan} and Zhengxiang Ma  and J. S. {Kenney} and Jaehyeong Kim and C. R. {Giardina}}, 
	journal={IEEE Trans. Commun}, 
	title={A Robust Digital Baseband Predistorter Constructed Using Memory Polynomials}, 
	year={2004}, 
	volume={52}, 
	number={1}, 
	pages={159-165}, 
	abstract={Power amplifiers (PAs) are inherently nonlinear devices and are used in virtually all communications systems. Digital baseband predistortion is a highly cost-effective way to linearize PAs, but most existing architectures assume that the PA has a memoryless nonlinearity. For wider bandwidth applications such as wideband code-division multiple access (WCDMA) or wideband orthogonal frequency-division multiplexing (W-OFDM), PA memory effects can no longer be ignored, and memoryless predistortion has limited effectiveness. In this paper, instead of focusing on a particular PA model and building a corresponding predistorter, we focus directly on the predistorter structure. In particular, we propose a memory polynomial model for the predistorter and implement it using an indirect learning architecture. Linearization performance is demonstrated on a three-carrier WCDMA signal.}, 
	keywords={code division multiple access;OFDM modulation;power amplifiers;linearisation techniques;nonlinear distortion;polynomials;Volterra series;adaptive signal detection;robust digital baseband predistorter;memory polynomials;linearization;power amplifiers;wideband code-division multiple access;WCDMA;wideband orthogonal frequency-division multiplexing;W-OFDM;memory effects;indirect learning architecture;three-carrier WCDMA signal;communication system nonlinearities;Volterra series;Robustness;Baseband;Polynomials;Multiaccess communication;Predistortion;Wideband;Broadband amplifiers;Power amplifiers;Bandwidth;Frequency division multiplexing}, 
	doi={10.1109/TCOMM.2003.822188}, 
	ISSN={0090-6778}, 
	month={Jan},}

@article{li2017parallel,
	title={Parallel digital predistortion design on mobile GPU and embedded multicore CPU for mobile transmitters},
	author={Li, Kaipeng and Ghazi, Amanullah and Tarver, Chance and Boutellier, Jani and Abdelaziz, Mahmoud and Anttila, Lauri and Juntti, Markku and Valkama, Mikko and Cavallaro, Joseph R},
	journal={Journal of Signal Processing Systems},
	volume={89},
	number={3},
	pages={417--430},
	year={2017},
	publisher={Springer US}
}

@phdthesis{2019_kaipeng_thesis,
	author = {Kaipeng Li},
	title = {Decentralized Baseband Processing for Massive {MU-MIMO} Systems},
	school = {Dept. of Elect. and Comput. Eng., Rice University},
	year = 2019
	
}

@ARTICLE{2020_DohertyPAsFor5g,
	author={W. {Chen} and G. {Lv} and X. {Liu} and D. {Wang} and F. M. {Ghannouchi}},
	journal={IEEE Microwave Magazine}, 
	title={Doherty PAs for 5G Massive MIMO: Energy-Efficient Integrated DPA MMICs for Sub-6-GHz and mm-Wave 5G Massive MIMO Systems}, 
	year={2020},
	volume={21},
	number={5},
	pages={78-93},}

@ARTICLE{2011_Falcao_LDPC,
	author={G. {Falcao} and L. {Sousa} and V. {Silva}},
	journal={IEEE Trans. Parallel Distrib. Syst.},
	title={Massively {LDPC} Decoding on Multicore Architectures},
	year={2011},
	volume={22},
	number={2},
	pages={309-322},
	keywords={computer graphic equipment;coprocessors;multiprocessing systems;parallel algorithms;low-density parity-check code;multicore architectures;software-based LDPC decoders;parallel algorithms;x86 processors;graphics processing units;Cell broadband engine;Parity check codes;Decoding;Multicore processing;Throughput;Computer architecture;Very large scale integration;Data structures;Parallel processing;Parallel algorithms;Graphics;LDPC;data-parallel computing;multicore;graphics processing units;GPU;CUDA;CELL;OpenMP.},
	doi={10.1109/TPDS.2010.66},
	ISSN={},
	month={Feb},}

@techreport{3gpp38_104,
	author = {3GPP},
	institution = {{3rd Generation Partnership Project (3GPP)}},
	note = {Version 15.2},
	number = {36.104},
	title = {{5G;
	NR;
	Base Station (BS) radio transmission and reception}},
	type = {Technical Specification (TS)},
	year = {2018}
}

@ARTICLE{2009_crosstalk,
	author={S. A. {Bassam} and M. {Helaoui} and F. M. {Ghannouchi}},
	journal={IEEE Transactions on Microwave Theory and Techniques}, 
	title={Crossover Digital Predistorter for the Compensation of Crosstalk and Nonlinearity in MIMO Transmitters}, 
	year={2009},
	volume={57},
	number={5},
	pages={1119-1128},}

@ARTICLE{2019_mikkogpu,
	author={Pascual Campo and Vesa Lampu and  Alexandre Meirhaeghe and Jani Boutellier and Lauri Anttila and Mikko Valkama },
	journal={J Sign Process Syst}, 
	title={ Digital Predistortion for {5G} Small Cell: {GPU} Implementation and {RF} Measurements}, 
	year={2020},
	volume={92},
	pages={475-486},}

@misc{rfweblab,
	Title = {{RF WebLab}},
	url={http://dpdcompetition.com/rfweblab/}
}
@misc{rdma,
Title = {{Mellanox OFED GPUDirect RDMA}},
url = {https://www.mellanox.com/products/GPUDirect-RDMA}
}
